@article{dahm2017learning,
  title={Learning light transport the reinforced way},
  author={Dahm, Ken and Keller, Alexander},
  journal={arXiv preprint arXiv:1701.07403},
  year={2017}
}

@article{greger1998irradiance,
  title={The irradiance volume},
  author={Greger, Gene and Shirley, Peter and Hubbard, Philip M and Greenberg, Donald P},
  journal={IEEE Computer Graphics and Applications},
  volume={18},
  number={2},
  pages={32--43},
  year={1998},
  publisher={IEEE}
}

@misc{scratch-pixel,
  title = {ScratchPixel2.0},
  howpublished = {\url{http://www.scratchapixel.com/}},
  author={ScratchPixel}
}

@misc{opengl-obj,
  title={Model Loading},
  howpublished={\url{http://www.opengl-tutorial.org/beginners-tutorials/tutorial-7-model-loading/}},
  author={opengl}
}

@book{reinforcement-learning-book,
    title={Reinforcement Learning: An Introduction},
    author={Richard S. Sutton and Andrew G. Barto},
    year={2017}
}

@misc{pathtracing,
  title = {Path tracing},
  howpublished = {\url{https://en.wikipedia.org/wiki/Path_tracing}},
  author={Wikipedia}
}
